@string{JMCE    = {Journal of Materials in Civil Engineering}}

%% Examples for articles:

@article{Alberty:1999,
  author       = {Alberty, Jochen and Carstensen, Carsten and Funken, Stefan A.},
  title        = {Remarks around 50 lines of Matlab: short finite element 
implementation},
  journaltitle = {Numerical Algorithms},
  date         = 1999,
  volume       = {20},
  pages        = {117--137},
  doi          = {10.1023/A:1019155918070},
}


@article{Mang-Schranz-Helnwein:06,
  author       = {Mang, Herbert A. and Schranz, {\relax Ch}ristian and 
                  Mackenzie-Helnwein, Peter},
  title        = {Conversion from Imperfection-Sensitive into Imperfection-Insensitive Elastic Structures I: Theory},
  journaltitle = {Computer Methods in Applied Mechanics and Engineering},
  date         = 2006,
  volume       = {195 (13--16)},
  pages        = {1422--1457},
  doi          = {10.1016/j.cma.2005.05.024},
}


@article{Weller:10,
  author       = {Weller, Bernhard and Döbbel, Florian 
                  and Nicklisch, Felix and Prautzsch, Volker
                  and Rücker, Sebastian},
  title        = {Geklebte Ganzglaskonstruktion für das Leibnis-Institut 
  für Festkörper- und Werkstoffforschung in Dresden},
  journaltitle = {Stahlbau},
  date         = 2010,
  volume       = {79 (3)},
  pages        = {34--40},
  doi          = {10.1002/stab.201001300},
}


%% Examples for publications in books

@InCollection{Jodl-Makovec-Schranz:15,
  author       = {Jodl, Hans Georg and Makovec, Andreas and 
                  Schranz, {\relax Ch}ristian},
  editor       = {Oberndorfer, Wolfgang and Haring, Roland},
  title        = {Lebenszykluskosten},
  date         = 2015,
  booktitle    = {Organisation und Kostencontrolling von Bauprojekten},
  publisher    = {Manzsche Verlags- und Universitätsbuchhandlung},
  location     = {Wien},
  isbn         = {978-3-214-13092-3},
  pages        = {315--370},
}


@InCollection{Blandini-Sobek:14,
  author       = {Blandini, Lucio and Sobek, Werner},
  editor       = {Weller, Bernhard and Tasche, Silke},
  title        = {10 Jahre Stuttgarter Glasschale -- eine Zwischenbilanz},
  date         = 2014,
  booktitle    = {Glasbau 2014},
  publisher    = {Ernst \& Sohn GmbH \& Co. KG},
  location     = {Berlin},
  pages        = {77--86},
  doi          = {10.1002/stab.201490076},
}





%% Example for Conference Proceeding

@inproceedings{Willaret:11a,
  author       = {Willaret, Philippe and Meyer, Daniel},
  title        = {A new folding glass roof for the historic swimming hall 
  Zürich},
  date         = 2011,
  booktitleaddon= {Proceedings Glass Performance Days 2011},
  eventdate    = {2011-06-17/2011-06-20},
  location     = {Tampere, Finland},
  pages        = {622--624},
}

% or via InCollection:

@InCollection{Blandini:08,
  author       = {Blandini, Lucio},
  editor       = {Bos and Louter and Veer},
  title        = {Structural use of adhesives in glass shells},
  date         = 2014,
  booktitle    = {Challenging Glass. Conference on Architectural and Structural Applications of Glass},
  publisher    = {IOS Press},
  location     = {Amsterdam},
  pages        = {185-191},
}


%% Examples for Master- or PhD-thesis

@MastersThesis{Fischer:21, 
  author       = {Fischer, Simon}, 
  title        = {Analyse der Prozesse und Zusammenarbeit bei Umsetzung der openBIM-Methode in der Baupraxis auf Basis eines Pilotprojekts}, 
  school       = {TU Wien}, 
  location     = {Wien},
  year         = {2021}, 
  type         = {Diplomarbeit}, 
  doi          = {10.34726/hss.2021.88782},
}


@phdthesis{Bagger:10diss,
  author       = {Bagger, Anne},
  title        = {Plate shell structures of glass. Studies leading to guidelines for structural design},
  year         = {2010},
  school       = {Technical University of Denmark},
  location     = {Kgs. Lyngby},
  type         = {Dissertation}, 
}


@phdthesis{Pech:22,
  author       = {Pech, Sebastian},
  title        = {Numerical models to describe fracture and plasticity in wood and their application to optimize laminated timber products},
  year         = {2022},
  school       = {TU Wien},
  location     = {Wien},
  type         = {Dissertation}, 
  doi          = {10.34726/hss.2022.103620},
}


%% Examples for reports

@report{Bahr:10,
  author       = {Bahr, Carolin and Lennerts, Kunibert},
  title        = {Lebens- und Nutzungsdauer von Bauteilen},
  type         = {resreport},
  institution  = {Bundesinstitut für Bau-, Stadt- und Raumforschung},
  date         = 2010,
  pagetotal    = {133},
}


%%  Examples for books

@book{Schranz:22,
  author       = {Schranz, Christian and Reismüller, Raphael and Pech, Sebastian},
  title        = {\LaTeX{}, Excel, Word -- Werkzeuge für den ingenieurwissenschaftlichen Hochschul-Einsatz},
  date         = 2022,
  edition      = {4., korrigierte und erweiterte Auflage},
  publisher    = {TU Verlag},
  isbn         = {978-3-903311-35-0},
  location     = {Wien},
}

@book{Backhaus:11,
  author       = {Backhaus, Klaus and Erichson, Bernd and Plinke, Wulff
                  and Weiber, Rolf},
  title        = {Multivariate Analysemethoden},
  date         = 2015,
  edition      = {14},
  publisher    = {Springer Gabler},
  isbn         = {978-3-662-46075-7},
  location     = {Berlin Heidelberg},
}

@book{Kohm:20,
  author       = {Kohm, Markus},
  title        = {KOMA-Script -- Eine Sammlung von Klassen und Paketen für \LaTeXe{}},
  date         = 2020,
  edition      = {7., überarbeitete und erweiterte Auflage},
  publisher    = {DANTE -- Lehmanns Media GmbH},
  isbn         = {978-3-96543-097-6},
  location     = {Berlin},
}

@book{Schneider:11,
  author       = {Schneider, Wolf},
  title        = {Deutsch für junge Profis: Wie man gut und lebendig schreibt},
  date         = 2011,
  publisher    = {Rowohlt},
  location     = {Berlin},
}

@book{Voss:22,
  author       = {Voß, Herbert},
  title        = {Einführung in \LaTeX{} -- unter Berücksichtigung von pdf/LaTeX{}, Xe/LaTeX{}, Lua\LaTeX{}},
  date         = 2022,
  edition      = {4., korrigierte Auflage},
  publisher    = {Lehmanns Media GmbH},
  isbn         = {978-3-96543-296-3},
  location     = {Berlin},
}



%% Examples for weblinks

@online{Bier:09,
  author   = {Bier, Christoph},  
  title    = {typokurz -- Einige wichtige typografische Regeln; Version 1.7, 21.05.2009},
  date     = 2015,
  url      = {http://zvisionwelt.files.wordpress.com/2012/01/typokurz.pdf},
  urldate  = {2015-10-09},
}

@online{Kohm:15,
  author   = {Kohm, Markus},  
  title    = {KOMA-Script -- ein wandelbares \LaTeXe{}-Paket},
  date     = 2015,
  url      = {https://www.ctan.org/pkg/koma-script/},
  urldate  = {2015-10-09},
}

@online{NachhaltigesBauen:13,
  author   = {\relax{BM für Verkehr, Bau und Stadtentwicklung (BRD)}},  
  title    = {Informationsportal Nachhaltiges Bauen},
  date     = 2013,
  url      = {http://www.nachhaltigesbauen.de},
  urldate  = {2013-04-02},
  label    = {Bundesministerium für Verkehr, Bau und Stadtentwicklung (BRD)},
}

@online{Struckmann:07,
  author   = {Struckmann, Werner},  
  title    = {Einige typographische Grundregeln und ihre Umsetzung in \LaTeX{}; Stand 3.09.2007},
  date     = 2015,
  url      = {http://www2.informatik.hu-berlin.de/sv/lehre/typographie.pdf},
  urldate  = {2015-10-09},
}


%% Examples for Codes (Normen)

@misc{ON-EN-1991-1-1:2011,
  typ      = {Norm},
  number   = {ÖNORM EN 1991-1-1:20110901},
  title    = {ÖNORM~EN~1991-1-1:2011~09~01: Einwirkungen auf Tragwerke -- Teil 1-1: Allgemeine Einwirkungen -- Wichten, Eigengewicht und Nutzlasten im Hochbau (konsolidierte Fassung)},
  year     = {2011},
  month    = {09},
  location = {Wien: Austrian Standards},
  keywords = {norm},
  language = {Deutsch},
}


@misc{ON-B-4435-1:2003,
  typ      = {Norm},
  number   = {ÖNORM B 4435-1:2003 07 01},
  title    = {ÖNORM~B~4435-1:2003~07~01: Erd- und Grundbau -- Flächengründungen -- Teil 1: Berechnung der Tragfähigkeit bei einfachen Verhältnissen},
  year     = {2003},
  month    = {07},
  location = {Wien: Austrian Standards},
  keywords = {norm},
  language = {Deutsch},
}

@misc{DIN-ISO-690:2013,
  typ      = {Norm},
  number   = {DIN ISO 690:201310},
  title    = {DIN~ISO~690:2013~10: Information und Dokumentation -- Richtlinien für Titelangaben und Zitierungen von Informationsressourcen (ISO 690:2010)},
  year     = {2013},
  month    = {10},
  location = {Berlin: DIN Deutsches Institut für Normung e. V.},
  keywords = {norm},
  language = {Deutsch},
}

%EIGENE QUELLEN

@online{Fuchs Media Solutions:o.J.,
	title = {{CSV} Datei Begriffserklärung und Definition},
	url = {https://www.seo-analyse.com/seo-lexikon/c/csv-datei/},
	abstract = {{CSV} Datei Begriffserklärung und Definition im {SEO} Lexikon; dem Glossar zur Suchmaschinenoptimierung auf {SEO}-Analyse.com},
	titleaddon = {{SEO} Analyse},
	author = {Fuchs Media Solutions},
	urldate = {2024-01-14},
	langid = {german},
	annotation = {{CSV} Erklärung
	
	},
	file = {Snapshot:C\:\\Users\\damia\\Zotero\\storage\\VE6XHWEX\\csv-datei.html:text/html},
}

@report{Shafranovich:2005,
	title = {Common Format and {MIME} Type for Comma-Separated Values ({CSV}) Files},
	url = {https://datatracker.ietf.org/doc/rfc4180},
	abstract = {This {RFC} documents the format used for Comma-Separated Values ({CSV}) files and registers the associated {MIME} type "text/csv". This memo provides information for the Internet community.},
	number = {{RFC} 4180},
	institution = {The Internet Society},
	type = {Request for Comments},
	author = {Shafranovich, Yakov},
	urldate = {2024-01-14},
	date = {2005-10},
	doi = {10.17487/RFC4180},
	note = {Num Pages: 8},
	annotation = {{CSV} Dokumentation
	},
	file = {Full Text PDF:C\:\\Users\\damia\\Zotero\\storage\\ALD2UJWN\\Shafranovich - 2005 - Common Format and MIME Type for Comma-Separated Va.pdf:application/pdf},
}




%Zotero import



@online{noauthor_kunstliche_nodate,
	title = {Künstliche Intelligenz – Chance für Österreichs Schulen},
	url = {https://www.bmbwf.gv.at/Themen/schule/zrp/ki.html},
	urldate = {2023-12-11},
	langid = {german},
	file = {Snapshot:C\:\\Users\\damia\\Zotero\\storage\\8DT9B63B\\ki.html:text/html},
}

@online{relent95_answer_2023,
	title = {Answer to "Customtkinter button text wrapping (doesn't support wraplength attribute)"},
	url = {https://stackoverflow.com/a/75717787},
	titleaddon = {Stack Overflow},
	author = {relent95},
	urldate = {2023-08-03},
	date = {2023-03-13},
}

@online{noauthor_ruckwarmzahl_2022,
	title = {Rückwärmzahl},
	url = {http://www.klingenburg.de/wissen/rueckwaermzahl/},
	abstract = {Klingenburg {GmbH} für Energierückgewinnung, Wissen, Rückwärmzahl. Sie gibt den Wirkungsgrad der Wärmerückgewinnung an.},
	urldate = {2023-08-02},
	date = {2022-06-22},
	langid = {german},
	file = {Snapshot:C\:\\Users\\damia\\Zotero\\storage\\9RRMIE2F\\rueckwaermzahl.html:text/html},
}

@online{rendek_how_2023,
	title = {How to mount {USB} drive in Linux},
	url = {https://linuxconfig.org/howto-mount-usb-drive-in-linux},
	abstract = {This tutorial explains how to mount {USB} in Linux. Furthermore, you will see provided how to access your data and mount {USB} permanently.},
	titleaddon = {Linux Tutorials - Learn Linux Configuration},
	author = {Rendek, Lubos},
	urldate = {2023-08-02},
	date = {2023-04-03},
	langid = {american},
	file = {Snapshot:C\:\\Users\\damia\\Zotero\\storage\\LSD4XNF8\\howto-mount-usb-drive-in-linux.html:text/html},
}

@video{grace_xing_how_2021,
	title = {How to Autorun a Python Script on the Raspberry Pi},
	url = {https://www.youtube.com/watch?v=lT8XNpfo950},
	abstract = {Github: https://github.com/garceling/Pi},
	author = {{Grace Xing}},
	urldate = {2023-08-01},
	date = {2021-08-31},
}

@online{noauthor__2019,
	title = {✅ How to communicate Raspberry Pi 3 B+ with a {MAX}485 modulesearchsearch},
	url = {https://www.industrialshields.com/blog/raspberry-pi-for-industry-26/how-to-communicate-raspberry-pi-4-b-with-a-max485-module-137},
	abstract = {👉 Do you know how to connect a Raspberry Pi 3 B+?
	Visit this post to learn how to do it.},
	titleaddon = {Boot \& Work Corp. S.L.},
	urldate = {2023-08-01},
	date = {2019-05-20},
	langid = {american},
	file = {Snapshot:C\:\\Users\\damia\\Zotero\\storage\\T3MECBXA\\how-to-communicate-raspberry-pi-4-b-with-a-max485-module-137.html:text/html},
}

@online{vishal_python_2022,
	title = {Python Global Variables},
	url = {https://pynative.com/python-global-variables/},
	abstract = {Learn to create and modify the global variable in Python with examples. Use global variables across multiple functions and modules. Understand the use of the globals() function},
	titleaddon = {{PYnative}},
	author = {Vishal},
	urldate = {2023-07-31},
	date = {2022-10-21},
	langid = {american},
}

@online{noauthor_2_nodate,
	title = {2. Built-in Functions — Python 2.7.18 documentation},
	url = {https://docs.python.org/2/library/functions.html#bin},
	urldate = {2023-07-31},
	file = {2. Built-in Functions — Python 2.7.18 documentation:C\:\\Users\\damia\\Zotero\\storage\\Z6GLGK77\\functions.html:text/html},
}

@online{noauthor_raspberry-pi-gpio-layout-model-b-plus-rotated-2700x900png_nodate,
	title = {Raspberry-Pi-{GPIO}-Layout-Model-B-Plus-rotated-2700x900.png ({PNG}-Grafik, 2700 × 900 Pixel) - Skaliert (56\%)},
	url = {https://notenoughtech.com/wp-content/uploads/2016/04/Raspberry-Pi-GPIO-Layout-Model-B-Plus-rotated-2700x900.png},
	urldate = {2023-07-28},
	file = {Raspberry-Pi-GPIO-Layout-Model-B-Plus-rotated-2700x900.png (PNG-Grafik, 2700 × 900 Pixel) - Skaliert (56%):C\:\\Users\\damia\\Zotero\\storage\\U6893NXF\\Raspberry-Pi-GPIO-Layout-Model-B-Plus-rotated-2700x900.html:text/html},
}

@online{noauthor_rpi_2021,
	title = {{RPI} Zero 2W Board Layout: {GPIO} Pinout, Specs, Schematic in detail},
	url = {https://www.etechnophiles.com/rpi-zero-2w-board-layout-pinout-specs-price/},
	shorttitle = {{RPI} Zero 2W Board Layout},
	abstract = {{RPI} Zero 2W is the second generation Zero board released by the {RPI} foundation. It has a 64 bit Quad-core {CPU} with four A53 cores clocked at 1 {GHz} and a 512 Mb {LPDDR}2 Ram clocked at 450 {MHz}},
	urldate = {2023-07-28},
	date = {2021-11-17},
	langid = {english},
	note = {Section: {IC}'s and {COMPONENTS}},
	file = {Snapshot:C\:\\Users\\damia\\Zotero\\storage\\ZXICXS5L\\rpi-zero-2w-board-layout-pinout-specs-price.html:text/html},
}

@online{fj123x_accessing_2016,
	title = {Accessing dict\_keys element by index in Python3},
	url = {https://stackoverflow.com/q/18552001},
	titleaddon = {Stack Overflow},
	author = {fj123x},
	urldate = {2023-07-28},
	date = {2016-07-28},
	file = {Snapshot:C\:\\Users\\damia\\Zotero\\storage\\52HW5ARM\\accessing-dict-keys-element-by-index-in-python3.html:text/html},
}

@online{johnmeyer_answer_2008,
	title = {Answer to "Calling a function of a module by using its name (a string)"},
	url = {https://stackoverflow.com/a/3071},
	titleaddon = {Stack Overflow},
	author = {Johnmeyer, Patrick},
	urldate = {2023-07-28},
	date = {2008-08-06},
	file = {Snapshot:C\:\\Users\\damia\\Zotero\\storage\\KJU5TT2D\\calling-a-function-of-a-module-by-using-its-name-a-string.html:text/html},
}

@online{sastanin_answer_2009,
	title = {Answer to "Calling a function of a module by using its name (a string)"},
	url = {https://stackoverflow.com/a/834451},
	titleaddon = {Stack Overflow},
	author = {sastanin},
	urldate = {2023-07-28},
	date = {2009-05-07},
	file = {Snapshot:C\:\\Users\\damia\\Zotero\\storage\\5N92SBYJ\\calling-a-function-of-a-module-by-using-its-name-a-string.html:text/html},
}

@online{ricree_calling_2022,
	title = {Calling a function of a module by using its name (a string)},
	url = {https://stackoverflow.com/q/3061},
	titleaddon = {Stack Overflow},
	author = {ricree},
	urldate = {2023-07-28},
	date = {2022-06-04},
	file = {Snapshot:C\:\\Users\\damia\\Zotero\\storage\\QLXFNX33\\calling-a-function-of-a-module-by-using-its-name-a-string.html:text/html},
}

@online{noauthor_serial_nodate,
	title = {Serial communication — {MinimalModbus} 2.1.1 documentation},
	url = {https://minimalmodbus.readthedocs.io/en/stable/serialcommunication.html},
	urldate = {2023-07-27},
	file = {Serial communication — MinimalModbus 2.1.1 documentation:C\:\\Users\\damia\\Zotero\\storage\\34Y4GWT3\\serialcommunication.html:text/html},
}

@online{noauthor_rs-485_nodate,
	title = {{RS}-485 Serial Communication between Raspberry Pi and Arduino Uno},
	url = {https://circuitdigest.com/microcontroller-projects/rs485-serial-communication-between-arduino-and-raspberry-pi},
	abstract = {This tutorial covers how to use {RS}-485 Serial Communication between Raspberry Pi and Arduino {UNO} and send command from Raspberry Pi to Arduino Uno to control the Servo Motor via {RS}-485 Serial Communication.},
	urldate = {2023-07-26},
	langid = {english},
	file = {Snapshot:C\:\\Users\\damia\\Zotero\\storage\\848RQDNK\\rs485-serial-communication-between-arduino-and-raspberry-pi.html:text/html},
}

@online{noauthor_top_nodate,
	title = {Top Python {REST} {API} Frameworks in 2023},
	url = {https://browserstack.wpengine.com/guide/top-python-rest-api-frameworks/},
	abstract = {Here’s a list of Top Python {REST} {API} Frameworks in 2023 along with features, benefits, and limitations},
	titleaddon = {{BrowserStack}},
	urldate = {2023-07-25},
	langid = {american},
	file = {Snapshot:C\:\\Users\\damia\\Zotero\\storage\\T8P2PDAI\\top-python-rest-api-frameworks.html:text/html},
}

@online{author_openwrt_nodate,
	title = {{OpenWrt} on Raspberry Pi: Use your Pi as a router (Tutorial) – {RaspberryTips}},
	url = {https://raspberrytips.com/openwrt-on-raspberry-pi/},
	shorttitle = {{OpenWrt} on Raspberry Pi},
	author = {author, Patrick Fromaget I'm the lead and guides, owner of {RaspberryTips} com My goal is to help you with your Raspberry Pi problems using detailed and life, tutorials In real and experience, I'm a Linux system administrator with web developer},
	urldate = {2023-07-25},
	langid = {american},
	file = {Snapshot:C\:\\Users\\damia\\Zotero\\storage\\X6DZCVAQ\\openwrt-on-raspberry-pi.html:text/html},
}

@online{noauthor_quickstart_nodate,
	title = {Quickstart — Flask Documentation (2.3.x)},
	url = {https://flask.palletsprojects.com/en/2.3.x/quickstart/#a-minimal-application},
	urldate = {2023-07-25},
	file = {Quickstart — Flask Documentation (2.3.x):C\:\\Users\\damia\\Zotero\\storage\\BEJK6UCK\\quickstart.html:text/html},
}

@online{nanodano_run_2020,
	title = {Run Python {WSGI} Web App with Waitress},
	url = {https://www.devdungeon.com/content/run-python-wsgi-web-app-waitress},
	abstract = {{WSGI} is the standard for running Python web applications. [Gunicorn](https://gunicorn.org/) and [{uWSGI}](https://uwsgi-docs.readthedocs.io/en/latest/) are great options for running {WSGI} apps, but they only have limited support in Windows or no support at all. Waitress is another option for running {WSGI} applications and it really shines in Windows because it is written purely in Python with no other dependencies. I will show you how to use Waitress to serve web application using Python {WSGI}.},
	titleaddon = {{DevDungeon}},
	type = {Text},
	author = {{NanoDano}},
	urldate = {2023-07-25},
	date = {2020-08-01},
	langid = {english},
	file = {Snapshot:C\:\\Users\\damia\\Zotero\\storage\\NZ7VH7P7\\run-python-wsgi-web-app-waitress.html:text/html},
}

@online{noauthor_how_2022,
	title = {How to Kill a Thread in Python},
	url = {https://superfastpython.com/kill-a-thread-in-python/},
	abstract = {You can kill a thread by killing its parent process via the terminate() and kill() methods. In this tutorial you will discover how to kill a thread in Python. Let’s get started. Need to Kill …},
	titleaddon = {Super Fast Python},
	urldate = {2023-07-25},
	date = {2022-04-07},
	langid = {american},
	file = {Snapshot:C\:\\Users\\damia\\Zotero\\storage\\69IKZV75\\kill-a-thread-in-python.html:text/html},
}

@online{jayanandana_create_2018,
	title = {Create a custom Raspbian {OS} image for production.},
	url = {https://medium.com/platformer-blog/creating-a-custom-raspbian-os-image-for-production-3fcb43ff3630},
	abstract = {Recently, me and my fellow team mate Tharindu Muhandiram ran into a bit of an issue with regard to building a custom image for our…},
	titleaddon = {Platformer — A {WSO}2 Company},
	author = {Jayanandana, Nilesh},
	urldate = {2023-07-24},
	date = {2018-12-04},
	langid = {english},
	file = {Snapshot:C\:\\Users\\damia\\Zotero\\storage\\J9KA8J62\\creating-a-custom-raspbian-os-image-for-production-3fcb43ff3630.html:text/html},
}

@online{noauthor_better_nodate,
	title = {Better {BibTeX} for Zotero :: Better {BibTeX} for Zotero},
	url = {https://retorque.re/zotero-better-bibtex/},
	urldate = {2023-07-24},
}

@online{noauthor_lyx_nodate,
	title = {{LyX} {\textbar} Herunterladen},
	url = {https://www.lyx.org/WebDe.Download},
	urldate = {2023-07-24},
	file = {LyX | Herunterladen:C\:\\Users\\damia\\Zotero\\storage\\CDVSRWLD\\WebDe.html:text/html},
}

@online{noauthor_getting_nodate,
	title = {Getting {MiKTeX}},
	url = {https://miktex.org/download},
	urldate = {2023-07-24},
	file = {Getting MiKTeX:C\:\\Users\\damia\\Zotero\\storage\\PQG5RZZ3\\download.html:text/html},
}

@online{m_answer_2015,
	title = {Answer to "Username is not in the sudoers file. This incident will be reported"},
	url = {https://unix.stackexchange.com/a/179961},
	titleaddon = {Unix \& Linux Stack Exchange},
	author = {M, Andrew},
	urldate = {2023-07-24},
	date = {2015-01-19},
	file = {Snapshot:C\:\\Users\\damia\\Zotero\\storage\\N5BV9UT9\\username-is-not-in-the-sudoers-file-this-incident-will-be-reported.html:text/html},
}

@online{zahid_starting_2019,
	title = {Starting Python {GUI} Program on Raspberry pi Startup},
	url = {https://medium.com/@arslion/starting-python-gui-program-on-raspberry-pi-startup-56fb4e451cc1},
	abstract = {To start a python program when the desktop is ready you have to create a file that points to your code file.},
	titleaddon = {Medium},
	author = {Zahid, Arslan},
	urldate = {2023-07-21},
	date = {2019-12-31},
	langid = {english},
	file = {Snapshot:C\:\\Users\\damia\\Zotero\\storage\\Z5TT32B7\\starting-python-gui-program-on-raspberry-pi-startup-56fb4e451cc1.html:text/html},
}

@online{jayanandana_create_2018-1,
	title = {Create a custom Raspbian {OS} image for production.},
	url = {https://medium.com/platformer-blog/creating-a-custom-raspbian-os-image-for-production-3fcb43ff3630},
	abstract = {Recently, me and my fellow team mate Tharindu Muhandiram ran into a bit of an issue with regard to building a custom image for our…},
	titleaddon = {Platformer — A {WSO}2 Company},
	author = {Jayanandana, Nilesh},
	urldate = {2023-07-21},
	date = {2018-12-04},
	langid = {english},
	file = {Snapshot:C\:\\Users\\damia\\Zotero\\storage\\9KAEBMLS\\creating-a-custom-raspbian-os-image-for-production-3fcb43ff3630.html:text/html},
}

@online{avenwedde_create_nodate,
	title = {Create your own custom Raspberry Pi image {\textbar} Opensource.com},
	url = {https://opensource.com/article/21/7/custom-raspberry-pi-image},
	author = {Avenwedde, Stephan},
	urldate = {2023-07-21},
	langid = {english},
	file = {Snapshot:C\:\\Users\\damia\\Zotero\\storage\\BFQE6TVB\\custom-raspberry-pi-image.html:text/html},
}

@online{noauthor_python_nodate,
	title = {Python Script Autostart – \#pchfreak},
	url = {https://www.pchfreak.de/wp/?p=3003},
	urldate = {2023-07-21},
	langid = {german},
	file = {Snapshot:C\:\\Users\\damia\\Zotero\\storage\\AFEJ6UL8\\wp.html:text/html},
}

@online{noauthor_how_2022-1,
	title = {How to Round to 2 Decimal Places in Python},
	url = {https://www.freecodecamp.org/news/how-to-round-to-2-decimal-places-in-python/},
	abstract = {Python provides many math methods for mathematical operations such as square roots, exponents, and so on. In this article, I will show you how to round up a number to a specified decimal place. What is a Decimal Place? Look at this number: 324.89. Each number here has a position},
	titleaddon = {{freeCodeCamp}.org},
	urldate = {2023-07-20},
	date = {2022-08-22},
	langid = {english},
}

@online{noauthor_using_nodate,
	title = {Using root.destroy with threading and tkinter - Raspberry Pi Forums},
	url = {https://forums.raspberrypi.com/viewtopic.php?t=270725},
	urldate = {2023-07-19},
	file = {Using root.destroy with threading and tkinter - Raspberry Pi Forums:C\:\\Users\\damia\\Zotero\\storage\\6BYSS682\\viewtopic.html:text/html},
}

@online{noauthor_how_2022-2,
	title = {How to Stop a Thread in Python},
	url = {https://superfastpython.com/stop-a-thread-in-python/},
	abstract = {You can stop a thread by using a threading.Event. In this tutorial you will discover how to gracefully stop a thread in Python. Let’s get started. Need to Stop a Thread A thread is a thread o…},
	titleaddon = {Super Fast Python},
	urldate = {2023-07-19},
	date = {2022-03-20},
	langid = {american},
	file = {Snapshot:C\:\\Users\\damia\\Zotero\\storage\\6K47IRDP\\stop-a-thread-in-python.html:text/html},
}

@online{noauthor_read_2019,
	title = {Read {JSON} file using Python},
	url = {https://www.geeksforgeeks.org/read-json-file-using-python/},
	abstract = {A Computer Science portal for geeks. It contains well written, well thought and well explained computer science and programming articles, quizzes and practice/competitive programming/company interview Questions.},
	titleaddon = {{GeeksforGeeks}},
	urldate = {2023-07-19},
	date = {2019-12-17},
	langid = {english},
	note = {Section: Python},
}

@online{noauthor_how_2021,
	title = {How to Create an Image of a Raspberry Pi {SD} Card? (Win/Linux/Mac) – {RaspberryTips}},
	url = {https://raspberrytips.com/create-image-sd-card/},
	shorttitle = {How to Create an Image of a Raspberry Pi {SD} Card?},
	urldate = {2023-07-18},
	date = {2021-02-26},
	langid = {american},
	file = {Snapshot:C\:\\Users\\damia\\Zotero\\storage\\LF4W2CLI\\create-image-sd-card.html:text/html},
}

@online{noauthor_win32_2018,
	title = {Win32 Disk Imager},
	url = {https://sourceforge.net/projects/win32diskimager/},
	abstract = {Download Win32 Disk Imager for free. A Windows tool for writing images to {USB} sticks or {SD}/{CF} cards . This program is designed to write a raw disk image to a removable device or backup a removable device to a raw image file. It is very useful for embedded development, namely Arm development projects (Android, Ubuntu on Arm, etc).},
	titleaddon = {{SourceForge}},
	urldate = {2023-07-18},
	date = {2018-06-07},
	langid = {english},
	file = {Snapshot:C\:\\Users\\damia\\Zotero\\storage\\IV2ETBF3\\win32diskimager.html:text/html},
}

@online{noauthor_python_2020,
	title = {Python List Slicing},
	url = {https://www.geeksforgeeks.org/python-list-slicing/},
	abstract = {A Computer Science portal for geeks. It contains well written, well thought and well explained computer science and programming articles, quizzes and practice/competitive programming/company interview Questions.},
	titleaddon = {{GeeksforGeeks}},
	urldate = {2023-07-18},
	date = {2020-10-27},
	langid = {english},
	note = {Section: Python},
	file = {Snapshot:C\:\\Users\\damia\\Zotero\\storage\\DAHYMAY2\\python-list-slicing.html:text/html},
}

@online{ghose_answer_2013,
	title = {Answer to "Tkinter lift and lower methods with grid layout"},
	url = {https://stackoverflow.com/a/17537513},
	titleaddon = {Stack Overflow},
	author = {Ghose, Kaushik},
	urldate = {2023-07-18},
	date = {2013-07-08},
	file = {Snapshot:C\:\\Users\\damia\\Zotero\\storage\\TUIRU4DD\\tkinter-lift-and-lower-methods-with-grid-layout.html:text/html},
}

@online{noauthor_documentation_nodate,
	title = {Documentation Introduction {\textbar} {CustomTkinter}},
	url = {https://customtkinter.tomschimansky.com/documentation/},
	abstract = {This is the official {CustomTkinter} documentation, where you can find detailed information about the widgets, windows, customization and scaling.},
	urldate = {2023-07-18},
	langid = {english},
	file = {Snapshot:C\:\\Users\\damia\\Zotero\\storage\\M5NGIVYZ\\documentation.html:text/html},
}

@online{noauthor_place_forget_2020,
	title = {Place\_forget() method using Tkinter in Python},
	url = {https://www.geeksforgeeks.org/place_forget-method-using-tkinter-in-python/},
	abstract = {A Computer Science portal for geeks. It contains well written, well thought and well explained computer science and programming articles, quizzes and practice/competitive programming/company interview Questions.},
	titleaddon = {{GeeksforGeeks}},
	urldate = {2023-07-18},
	date = {2020-07-22},
	langid = {english},
	note = {Section: Python},
	file = {Snapshot:C\:\\Users\\damia\\Zotero\\storage\\U4VHUTZL\\place_forget-method-using-tkinter-in-python.html:text/html},
}

@online{noauthor_raspberry_nodate,
	title = {Raspberry Pi Zero Internet connection through {USB} {\textbar} Solarian Programmer},
	url = {https://solarianprogrammer.com/2018/12/07/raspberry-pi-zero-internet-usb/},
	urldate = {2023-07-17},
	file = {Raspberry Pi Zero Internet connection through USB | Solarian Programmer:C\:\\Users\\damia\\Zotero\\storage\\4PLHFLHV\\raspberry-pi-zero-internet-usb.html:text/html},
}

@online{emmet_change_2020,
	title = {Change the Screen Resolution of your Raspberry Pi},
	url = {https://pimylifeup.com/raspberry-pi-screen-resolution/},
	abstract = {Quick and straightforward steps},
	titleaddon = {Pi My Life Up},
	author = {Emmet},
	urldate = {2023-07-17},
	date = {2020-01-07},
	langid = {american},
	file = {Snapshot:C\:\\Users\\damia\\Zotero\\storage\\24RCHHJ3\\raspberry-pi-screen-resolution.html:text/html},
}

@online{noauthor_issues_nodate,
	title = {Issues · {TomSchimansky}/{CustomTkinter}},
	url = {https://github.com/TomSchimansky/CustomTkinter},
	abstract = {A modern and customizable python {UI}-library based on Tkinter - Issues · {TomSchimansky}/{CustomTkinter}},
	titleaddon = {{GitHub}},
	urldate = {2023-07-17},
	langid = {english},
	file = {Snapshot:C\:\\Users\\damia\\Zotero\\storage\\4YY58SHV\\CustomTkinter.html:text/html},
}

@online{engineers_how_nodate,
	title = {How to Use Windows Laptop As Monitor for Raspberry Pi},
	url = {https://www.instructables.com/How-to-Use-Windows-Laptop-As-Monitor-for-Raspberry/},
	abstract = {How to Use Windows Laptop As Monitor for Raspberry Pi: If you are watching this tutorial, then you must know about Raspberry Pi and its use. So without making more delay let's start this Instructable. But before that, we want to clarify something:
	
	We have used Raspbian {OS} in this case. 
	It is one…},
	titleaddon = {Instructables},
	author = {Engineers, Being},
	urldate = {2023-07-17},
	langid = {english},
	file = {Snapshot:C\:\\Users\\damia\\Zotero\\storage\\TV8I99K8\\How-to-Use-Windows-Laptop-As-Monitor-for-Raspberry.html:text/html},
}

@online{emmet_checking_2019,
	title = {Checking the Raspbian Version},
	url = {https://pimylifeup.com/raspbian-version/},
	abstract = {Quick and straightforward steps},
	titleaddon = {Pi My Life Up},
	author = {Emmet},
	urldate = {2023-07-17},
	date = {2019-12-28},
	langid = {american},
	file = {Snapshot:C\:\\Users\\damia\\Zotero\\storage\\FBT583JZ\\raspbian-version.html:text/html},
}

@online{khan_how_nodate,
	title = {How to Update Python on Raspberry Pi},
	url = {https://linuxhint.com/update-python-raspberry-pi/},
	abstract = {You can update Python on Raspberry Pi by installing the latest version from the website and following article guidelines to update it on Raspberry Pi.},
	author = {Khan, Awais},
	urldate = {2023-07-14},
	langid = {american},
}

@online{noauthor_usage_nodate,
	title = {Usage — {MinimalModbus} 2.0.1 documentation},
	url = {https://minimalmodbus.readthedocs.io/en/stable/usage.html},
	urldate = {2023-07-14},
	file = {Usage — MinimalModbus 2.0.1 documentation:C\:\\Users\\damia\\Zotero\\storage\\YNTQTJ8L\\usage.html:text/html},
}

@online{noauthor_api_nodate,
	title = {{API} for {MinimalModbus} — {MinimalModbus} 2.0.1 documentation},
	url = {https://minimalmodbus.readthedocs.io/en/stable/apiminimalmodbus.html},
	urldate = {2023-07-14},
	file = {API for MinimalModbus — MinimalModbus 2.0.1 documentation:C\:\\Users\\damia\\Zotero\\storage\\EJ5LUU3I\\apiminimalmodbus.html:text/html},
}

@online{noauthor_how_2020,
	title = {How to use Thread in Tkinter Python},
	url = {https://www.geeksforgeeks.org/how-to-use-thread-in-tkinter-python/},
	abstract = {A Computer Science portal for geeks. It contains well written, well thought and well explained computer science and programming articles, quizzes and practice/competitive programming/company interview Questions.},
	titleaddon = {{GeeksforGeeks}},
	urldate = {2023-07-14},
	date = {2020-12-17},
	langid = {english},
	note = {Section: Python},
	file = {Snapshot:C\:\\Users\\damia\\Zotero\\storage\\2KWLTKVG\\how-to-use-thread-in-tkinter-python.html:text/html},
}

@online{noauthor_7inch_nodate,
	title = {7inch {DPI} {LCD} - Waveshare Wiki},
	url = {https://www.waveshare.com/wiki/7inch_LCD_for_Pi},
	urldate = {2023-07-14},
	langid = {english},
	file = {Snapshot:C\:\\Users\\damia\\Zotero\\storage\\5L2YPBZ7\\7inch_LCD_for_Pi.html:text/html},
}

@online{noauthor_raspberry_nodate-1,
	title = {Raspberry Pi Zero W Headless setup – Windows 10 {RNDIS} Driver issue resolved – {FactoryForward}},
	url = {https://www.factoryforward.com/pi-zero-w-headless-setup-windows10-rndis-driver-issue-resolved/},
	urldate = {2023-07-14},
	file = {Raspberry Pi Zero W Headless setup – Windows 10 RNDIS Driver issue resolved – FactoryForward:C\:\\Users\\damia\\Zotero\\storage\\8M7GY529\\pi-zero-w-headless-setup-windows10-rndis-driver-issue-resolved.html:text/html},
}

@online{noauthor_welcome_nodate,
	title = {Welcome to {MinimalModbus}’ documentation! — {MinimalModbus} 2.0.1 documentation},
	url = {https://minimalmodbus.readthedocs.io/en/stable/},
	urldate = {2023-07-14},
}

@online{noauthor_documentation_nodate-1,
	title = {Documentation Introduction {\textbar} {CustomTkinter}},
	url = {https://customtkinter.tomschimansky.com/documentation/},
	abstract = {This is the official {CustomTkinter} documentation, where you can find detailed information about the widgets, windows, customization and scaling.},
	urldate = {2023-07-14},
	langid = {english},
	file = {Snapshot:C\:\\Users\\damia\\Zotero\\storage\\CMD367MX\\documentation.html:text/html},
}

@online{author_best_nodate,
	title = {The Best Python {GUI} Libraries for Raspberry Pi to Try Out – {RaspberryTips}},
	url = {https://raspberrytips.com/python-gui-libraries-for-raspberry-pi/},
	author = {author, Patrick Fromaget I'm the lead and guides, owner of {RaspberryTips} com My goal is to help you with your Raspberry Pi problems using detailed and life, tutorials In real and experience, I'm a Linux system administrator with web developer},
	urldate = {2023-07-13},
	langid = {american},
	file = {Snapshot:C\:\\Users\\damia\\Zotero\\storage\\WBAXNVBT\\python-gui-libraries-for-raspberry-pi.html:text/html},
}

@online{noauthor_rpi3-disable-bluetooth-or-wifi-by-default_nodate,
	title = {{RPi}3-Disable-Bluetooth-Or-{WiFi}-By-Default},
	url = {https://gist.github.com/carry0987/a5b84d0098d62080f19c9b9fb690daa2},
	abstract = {{RPi}3-Disable-Bluetooth-Or-{WiFi}-By-Default. {GitHub} Gist: instantly share code, notes, and snippets.},
	titleaddon = {Gist},
	urldate = {2023-07-13},
	langid = {english},
	file = {Snapshot:C\:\\Users\\damia\\Zotero\\storage\\NM9I442L\\a5b84d0098d62080f19c9b9fb690daa2.html:text/html},
}

@online{noauthor_32_nodate,
	title = {3.2" Display {\textbar} Joy-{IT}},
	url = {https://joy-it.net/de/products/RB-TFT3.2V2},
	urldate = {2023-07-13},
	file = {3.2" Display | Joy-IT:C\:\\Users\\damia\\Zotero\\storage\\TAPZ6KUX\\RB-TFT3.html:text/html},
}

@online{updated_how_2022,
	title = {How to Set Up a Headless Raspberry Pi, Without Ever Attaching a Monitor},
	url = {https://www.tomshardware.com/reviews/raspberry-pi-headless-setup-how-to,6028.html},
	abstract = {By tweaking a few files on its {microSD} card, you can set your Raspberry Pi for remote access without ever attaching a monitor or keyboard.},
	titleaddon = {Tom's Hardware},
	author = {updated, Avram Piltch last},
	urldate = {2023-07-13},
	date = {2022-09-03},
	langid = {english},
	file = {Snapshot:C\:\\Users\\damia\\Zotero\\storage\\A5NXVSBN\\raspberry-pi-headless-setup-how-to,6028.html:text/html},
}

@online{noauthor_how_2022-3,
	title = {How do I Power My Raspberry Pi},
	url = {https://robocraze.com/blogs/post/how-do-i-power-my-raspberry-pi},
	abstract = {If you recently bought a Raspberry Pi and trying to figure out how to power it on? Which all different connectors on the board can be used for powering or can we use {GPIO} for powering the {RPi}? Here we will answer all these questions},
	titleaddon = {Robocraze},
	urldate = {2023-07-12},
	date = {2022-07-28},
	langid = {english},
	file = {Snapshot:C\:\\Users\\damia\\Zotero\\storage\\7ITXKA69\\how-do-i-power-my-raspberry-pi.html:text/html},
}

@video{realpars_what_2018,
	title = {What is Modbus and How does it Work?},
	url = {https://www.youtube.com/watch?v=txi2p5_OjKU},
	author = {{RealPars}},
	urldate = {2023-07-12},
	date = {2018-12-03},
}

@video{realpars_how_2018,
	title = {How does Modbus Communication Protocol Work?},
	url = {https://www.youtube.com/watch?v=JBGaInI-TG4},
	author = {{RealPars}},
	urldate = {2023-07-12},
	date = {2018-12-17},
}

@online{noauthor_kommunikation_nodate,
	title = {Kommunikation über die {RS}485-Schnittstelle - Janitza electronics},
	url = {https://www.janitza.de/service-support/kommunikation-ueber-die-rs485-schnittstelle.html},
	urldate = {2023-07-12},
	file = {Kommunikation über die RS485-Schnittstelle - Janitza electronics:C\:\\Users\\damia\\Zotero\\storage\\NZV53N4M\\kommunikation-ueber-die-rs485-schnittstelle.html:text/html},
}

@online{noauthor_modbus_nodate,
	title = {Modbus {RTU} einfach gemacht mit detaillierten Beschreibungen und Beispielen},
	url = {https://ipc2u.de/artikel/wissenswertes/modbus-rtu-einfach-gemacht-mit-detaillierten-beschreibungen-und-beispielen/},
	abstract = {Das Modbus-Kommunikationsprotokoll basiert auf einer Master-Slave-Architektur. Es verwendet {RS}-485-/422-/232-Schnittstellen und Ethernet-{TCP}/{IP}-Netzwerke für die Datenübertragung.},
	urldate = {2023-07-12},
	file = {Snapshot:C\:\\Users\\damia\\Zotero\\storage\\UNPWPLWR\\modbus-rtu-einfach-gemacht-mit-detaillierten-beschreibungen-und-beispielen.html:text/html},
}

@online{noauthor_modbus_nodate-1,
	title = {Modbus protocol},
	url = {https://ozeki.hu/p_5841-modbus-protocol.html},
	abstract = {It is an application-layer messaging protocol, positioned at level 7 	of the {OSI} model},
	titleaddon = {Ozeki},
	urldate = {2023-07-12},
	langid = {english},
	file = {Snapshot:C\:\\Users\\damia\\Zotero\\storage\\VRRWSE95\\p_5841-modbus-protocol.html:text/html},
}


